@article{de2012did,
  title={Did it happen? {The} pragmatic complexity of veridicality assessment},
  author={de Marneffe, Marie-Catherine and Manning, Christopher D and Potts, Christopher},
  journal={Computational linguistics},
  volume={38},
  number={2},
  pages={301--333},
  year={2012},
  publisher={MIT Press}
}

@article{sauri2009factbank,
  title={{FactBank}: a corpus annotated with event factuality},
  author={Saur{\'\i}, Roser and Pustejovsky, James},
  journal={Language resources and evaluation},
  volume={43},
  number={3},
  pages={227--268},
  year={2009},
  publisher={Springer}
}
